<collection xmlns="http://www.loc.gov/MARC21/slim">
<record>
  <leader>01136ncm0a22002531i 450 </leader>
  <controlfield tag="001">IT\ICCU\CNCE\048659</controlfield>
  <controlfield tag="005">19990518000000.0</controlfield>
  <datafield tag="100" ind1=" " ind2=" ">
    <subfield code="a">19990518d1536        0itac0103    ba</subfield>
  </datafield>
  <datafield tag="101" ind1=" " ind2=" ">
    <subfield code="a">ITA</subfield>
  </datafield>
  <datafield tag="102" ind1=" " ind2=" ">
    <subfield code="a">IT</subfield>
  </datafield>
  <datafield tag="200" ind1="1" ind2=" ">
    <subfield code="a">Intavolatura de viola ouero lauto cio ̈ricercate, canzone francese, motette. Libro primo \-secondo! de fortuna</subfield>
  </datafield>
  <datafield tag="210" ind1=" " ind2=" ">
    <subfield code="a">Napoli</subfield>
    <subfield code="c">Giovanni Sultzbach</subfield>
    <subfield code="d">1536</subfield>
  </datafield>
  <datafield tag="300" ind1=" " ind2=" ">
    <subfield code="a">RISM: 11, FF 1597 I, 1-2</subfield>
  </datafield>
  <datafield tag="620" ind1=" " ind2=" ">
    <subfield code="a">IT</subfield>
    <subfield code="d">Napoli</subfield>
  </datafield>
  <datafield tag="700" ind1=" " ind2="0">
    <subfield code="a">Francesco</subfield>
    <subfield code="c"> : da#Milano</subfield>
    <subfield code="3">IT\ICCU\CNCA\011552</subfield>
  </datafield>
  <datafield tag="712" ind1="0" ind2="0">
    <subfield code="a">Sultzbach, Giovanni</subfield>
    <subfield code="3">IT\ICCU\CNCT\000421</subfield>
    <subfield code="4">650</subfield>
  </datafield>
  <datafield tag="790" ind1=" " ind2="1">
    <subfield code="a">Canova,</subfield>
    <subfield code="b">Francesco</subfield>
    <subfield code="3">IT\ICCU\CNCA\011553</subfield>
    <subfield code="z">Francesco : da#Milano</subfield>
  </datafield>
  <datafield tag="790" ind1=" " ind2="0">
    <subfield code="a">Francesco</subfield>
    <subfield code="c"> : del_Liuto</subfield>
    <subfield code="3">IT\ICCU\CNCA\020459</subfield>
    <subfield code="z">Francesco : da#Milano</subfield>
  </datafield>
  <datafield tag="791" ind1="0" ind2="0">
    <subfield code="a">Sultzbacchius, Ioannes</subfield>
    <subfield code="3">IT\ICCU\CNCT\005760</subfield>
    <subfield code="z">Sultzbach, Giovanni</subfield>
  </datafield>
  <datafield tag="791" ind1="0" ind2="0">
    <subfield code="a">Sulsbacchius, Ioannes</subfield>
    <subfield code="3">IT\ICCU\CNCT\005761</subfield>
    <subfield code="z">Sultzbach, Giovanni</subfield>
  </datafield>
  <datafield tag="791" ind1="0" ind2="0">
    <subfield code="a">Sultzbachius, Ioannes</subfield>
    <subfield code="3">IT\ICCU\CNCT\005762</subfield>
    <subfield code="z">Sultzbach, Giovanni</subfield>
  </datafield>
  <datafield tag="791" ind1="0" ind2="0">
    <subfield code="a">Sulsbach, Ioanne</subfield>
    <subfield code="3">IT\ICCU\CNCT\005763</subfield>
    <subfield code="z">Sultzbach, Giovanni</subfield>
  </datafield>
  <datafield tag="791" ind1="0" ind2="0">
    <subfield code="a">Sulzbach, Joannes</subfield>
    <subfield code="3">IT\ICCU\CNCT\005764</subfield>
    <subfield code="z">Sultzbach, Giovanni</subfield>
  </datafield>
  <datafield tag="801" ind1=" " ind2="3">
    <subfield code="a">IT</subfield>
    <subfield code="b">ICCU</subfield>
    <subfield code="c">20201115</subfield>
  </datafield>
</record>
</collection>
